<?xml version="1.0" encoding="UTF-8"?>
<marc:record xmlns:marc="http://www.loc.gov/MARC21/slim" xmlns:xsi="http://www.w3.org/2001/XMLSchema-instance" xsi:schemaLocation="http://www.loc.gov/standards/marcxml/schema/MARC21slim.xsd">
  <marc:leader>00000ncc a2200000 u 4500</marc:leader>
  <marc:controlfield tag="001">1001067326</marc:controlfield>
  <marc:controlfield tag="003">DE-633</marc:controlfield>
  <marc:controlfield tag="005">20201210085334.0</marc:controlfield>
  <marc:datafield tag="028" ind1="2" ind2="0">
    <marc:subfield code="a">M. S. 1926.</marc:subfield>
    <marc:subfield code="8">01</marc:subfield>
  </marc:datafield>
  <marc:datafield tag="031" ind1=" " ind2=" ">
    <marc:subfield code="a">1</marc:subfield>
    <marc:subfield code="b">1</marc:subfield>
    <marc:subfield code="c">1</marc:subfield>
    <marc:subfield code="d">Andante spianato. Tranquillo</marc:subfield>
    <marc:subfield code="g">G-2</marc:subfield>
    <marc:subfield code="m">pf</marc:subfield>
    <marc:subfield code="n"/>
    <marc:subfield code="o">6/8</marc:subfield>
    <marc:subfield code="p">=4/''4.B4D8E/4.F+4F8G/''4A8B4'''C8E/2.E+/'''4E</marc:subfield>
    <marc:subfield code="q"/>
    <marc:subfield code="r">G</marc:subfield>
    <marc:subfield code="2">pe</marc:subfield>
  </marc:datafield>
  <marc:datafield tag="031" ind1=" " ind2=" ">
    <marc:subfield code="a">1</marc:subfield>
    <marc:subfield code="b">2</marc:subfield>
    <marc:subfield code="c">1</marc:subfield>
    <marc:subfield code="d">[Polonaise] Allegro molto</marc:subfield>
    <marc:subfield code="g">G-2</marc:subfield>
    <marc:subfield code="m">pf [tutti]</marc:subfield>
    <marc:subfield code="n">bBEA</marc:subfield>
    <marc:subfield code="o">3/4</marc:subfield>
    <marc:subfield code="p">'4.G6{GG}8{GG}/4GGG/'4.G6{GG}8{GG}/4GGG/8{GxFGxAnBF}/</marc:subfield>
    <marc:subfield code="r">E|b</marc:subfield>
    <marc:subfield code="2">pe</marc:subfield>
  </marc:datafield>
  <marc:datafield tag="031" ind1=" " ind2=" ">
    <marc:subfield code="a">1</marc:subfield>
    <marc:subfield code="b">2</marc:subfield>
    <marc:subfield code="c">2</marc:subfield>
    <marc:subfield code="d">[Polonaise] Meno mosso</marc:subfield>
    <marc:subfield code="g">G-2</marc:subfield>
    <marc:subfield code="m">pf (solo)</marc:subfield>
    <marc:subfield code="n">bBEA</marc:subfield>
    <marc:subfield code="p">=16/''4.G6{AG}6{GFE}6{EDC}/'8nA4B''6{EF}6{GE'''C''B}/''4.G6{xFG}6{AGnFnE}/2G</marc:subfield>
    <marc:subfield code="r">E|b</marc:subfield>
    <marc:subfield code="2">pe</marc:subfield>
  </marc:datafield>
  <marc:datafield tag="040" ind1=" " ind2=" ">
    <marc:subfield code="a">DE-633</marc:subfield>
  </marc:datafield>
  <marc:datafield tag="100" ind1="1" ind2=" ">
    <marc:subfield code="a">Chopin, Fryderyk Franciszek</marc:subfield>
    <marc:subfield code="d">1810-1849</marc:subfield>
    <marc:subfield code="j">Ascertained</marc:subfield>
    <marc:subfield code="0">pe51160</marc:subfield>
  </marc:datafield>
  <marc:datafield tag="240" ind1="1" ind2="0">
    <marc:subfield code="a">Polonaises</marc:subfield>
    <marc:subfield code="m">pf</marc:subfield>
    <marc:subfield code="n">op. 22</marc:subfield>
    <marc:subfield code="n">ChomTurC 149</marc:subfield>
    <marc:subfield code="r">E|b</marc:subfield>
    <marc:subfield code="0">3900011</marc:subfield>
  </marc:datafield>
  <marc:datafield tag="245" ind1="1" ind2="0">
    <marc:subfield code="a">Grande | POLONAISE BRILLANTE | précédée d’un | ANDANTE SPIANATO | pour le | Piano | avec accomp|t d’Orchestre | dédiée à | Madame d’Est | Par | F. CHOPIN | Op. 22. [space] Propriété des Editeurs. | Prix | Avec Orchestre 18.|f | _ Quatuor .....12. | Piano Seul............ 7.50.|c | Paris, chez Maurice Schlesinger, Rue Richelieu, 97. | Leipzig, Breitkopf et Härtel. [space] Londres, Mori et Lavenu</marc:subfield>
  </marc:datafield>
  <marc:datafield tag="260" ind1=" " ind2=" ">
    <marc:subfield code="a">Paris</marc:subfield>
    <marc:subfield code="b">Maurice Schlesinger</marc:subfield>
    <marc:subfield code="c">[1840-1842]</marc:subfield>
    <marc:subfield code="8">01</marc:subfield>
  </marc:datafield>
  <marc:datafield tag="300" ind1=" " ind2=" ">
    <marc:subfield code="a">1 part</marc:subfield>
    <marc:subfield code="b"/>
    <marc:subfield code="8">01</marc:subfield>
    <marc:subfield code="3"/>
  </marc:datafield>
  <marc:datafield tag="300" ind1=" " ind2=" ">
    <marc:subfield code="c">33,0 x 25,5 cm</marc:subfield>
    <marc:subfield code="3">51006783</marc:subfield>
  </marc:datafield>
  <marc:datafield tag="300" ind1=" " ind2=" ">
    <marc:subfield code="c">33,0 x 26,0 cm</marc:subfield>
    <marc:subfield code="3">51005783</marc:subfield>
  </marc:datafield>
  <marc:datafield tag="300" ind1=" " ind2=" ">
    <marc:subfield code="c">33,0 x 25,5 cm</marc:subfield>
    <marc:subfield code="3">51004070</marc:subfield>
  </marc:datafield>
  <marc:datafield tag="340" ind1=" " ind2=" ">
    <marc:subfield code="d">Engraving</marc:subfield>
    <marc:subfield code="8">01</marc:subfield>
  </marc:datafield>
  <marc:datafield tag="383" ind1=" " ind2=" ">
    <marc:subfield code="b">op. 22</marc:subfield>
  </marc:datafield>
  <marc:datafield tag="500" ind1=" " ind2=" ">
    <marc:subfield code="a">TP engraved, p. [ii, 1] blank, p. 2-22 engraved.</marc:subfield>
    <marc:subfield code="3"/>
  </marc:datafield>
  <marc:datafield tag="500" ind1=" " ind2=" ">
    <marc:subfield code="a">Heading, p. 2: F. CHOPIN. op: 22 | Grande Polonaise. «</marc:subfield>
    <marc:subfield code="3"/>
  </marc:datafield>
  <marc:datafield tag="500" ind1=" " ind2=" ">
    <marc:subfield code="a">Plate number p. 2-22: M. S. 1926.</marc:subfield>
    <marc:subfield code="3"/>
  </marc:datafield>
  <marc:datafield tag="500" ind1=" " ind2=" ">
    <marc:subfield code="a">TP: publisher’s signature stamp.</marc:subfield>
    <marc:subfield code="3">51006783</marc:subfield>
  </marc:datafield>
  <marc:datafield tag="500" ind1=" " ind2=" ">
    <marc:subfield code="a">Recto pages, at the top (right corner): numbers 80-91 added in pencil.</marc:subfield>
    <marc:subfield code="3">51006783</marc:subfield>
  </marc:datafield>
  <marc:datafield tag="500" ind1=" " ind2=" ">
    <marc:subfield code="a">Recto pages, at the top (right corner): numbers 33-44 added in pencil.</marc:subfield>
    <marc:subfield code="3">51005783</marc:subfield>
  </marc:datafield>
  <marc:datafield tag="500" ind1=" " ind2=" ">
    <marc:subfield code="a">TP: publisher’s signature stamp; inscription in pencil "[1836]".</marc:subfield>
    <marc:subfield code="3">51004070</marc:subfield>
  </marc:datafield>
  <marc:datafield tag="500" ind1=" " ind2=" ">
    <marc:subfield code="a">This source is in the collection, comprising four bound volumes containing a representative selection of the first editions of Chopin's works published by various publishers.</marc:subfield>
    <marc:subfield code="3">51004070</marc:subfield>
  </marc:datafield>
  <marc:datafield tag="500" ind1=" " ind2=" ">
    <marc:subfield code="a">Polonaise op. 22 as shelfmark6606/n in volume III; together with shelmarks: 6599/n, 6600/n, 6601/n, 6602/n, 6603/n, 6604/n, 6605/n, 6607/n, 6608/n, 6609/n, 6610/n, 6611/n, 6612/n.</marc:subfield>
    <marc:subfield code="3">51004070</marc:subfield>
  </marc:datafield>
  <marc:datafield tag="500" ind1=" " ind2=" ">
    <marc:subfield code="a">Hard cover, colorful pattern. The back and corners of the cover are reinforced with beige material. Brown decorative sticker in center of the cover with title: FREDERIC | CHOPIN. | VOL. III., same inscription is on the back of the cover; embossed, gold letters.</marc:subfield>
    <marc:subfield code="3">51004070</marc:subfield>
  </marc:datafield>
  <marc:datafield tag="506" ind1=" " ind2=" ">
    <marc:subfield code="a">Treasury of the Fryderyk Chopin Museum in Warsaw</marc:subfield>
    <marc:subfield code="3">51006783</marc:subfield>
  </marc:datafield>
  <marc:datafield tag="506" ind1=" " ind2=" ">
    <marc:subfield code="a">Treasury of the Fryderyk Chopin Museum in Warsaw</marc:subfield>
    <marc:subfield code="3">51005783</marc:subfield>
  </marc:datafield>
  <marc:datafield tag="506" ind1=" " ind2=" ">
    <marc:subfield code="a">Treasury of the Library</marc:subfield>
    <marc:subfield code="3">51004070</marc:subfield>
  </marc:datafield>
  <marc:datafield tag="520" ind1=" " ind2=" ">
    <marc:subfield code="a">piano version</marc:subfield>
  </marc:datafield>
  <marc:datafield tag="561" ind1=" " ind2=" ">
    <marc:subfield code="a">Purchase in 2017</marc:subfield>
    <marc:subfield code="3">51004070</marc:subfield>
  </marc:datafield>
  <marc:datafield tag="590" ind1=" " ind2=" ">
    <marc:subfield code="a">pf</marc:subfield>
    <marc:subfield code="b">22 p.</marc:subfield>
    <marc:subfield code="8">01</marc:subfield>
  </marc:datafield>
  <marc:datafield tag="593" ind1=" " ind2=" ">
    <marc:subfield code="a">Print</marc:subfield>
    <marc:subfield code="8">01</marc:subfield>
  </marc:datafield>
  <marc:datafield tag="594" ind1=" " ind2=" ">
    <marc:subfield code="b">pf</marc:subfield>
    <marc:subfield code="c">1</marc:subfield>
  </marc:datafield>
  <marc:datafield tag="594" ind1=" " ind2=" ">
    <marc:subfield code="a">pf</marc:subfield>
  </marc:datafield>
  <marc:datafield tag="599" ind1=" " ind2=" ">
    <marc:subfield code="b">full</marc:subfield>
  </marc:datafield>
  <marc:datafield tag="650" ind1="0" ind2="7">
    <marc:subfield code="a">Polonaises</marc:subfield>
    <marc:subfield code="0">25203</marc:subfield>
  </marc:datafield>
  <marc:datafield tag="650" ind1="0" ind2="7">
    <marc:subfield code="a">First editions</marc:subfield>
    <marc:subfield code="0">3902070</marc:subfield>
  </marc:datafield>
  <marc:datafield tag="650" ind1="0" ind2="7">
    <marc:subfield code="a">Reprints</marc:subfield>
    <marc:subfield code="0">3902072</marc:subfield>
  </marc:datafield>
  <marc:datafield tag="690" ind1=" " ind2="7">
    <marc:subfield code="a">ChomTurC</marc:subfield>
    <marc:subfield code="n">149</marc:subfield>
    <marc:subfield code="0">lit30000031</marc:subfield>
  </marc:datafield>
  <marc:datafield tag="691" ind1=" " ind2="7">
    <marc:subfield code="a">ACO Chopin</marc:subfield>
    <marc:subfield code="n">22–1-Sm</marc:subfield>
    <marc:subfield code="0">lit41000057</marc:subfield>
    <marc:subfield code="3"/>
  </marc:datafield>
  <marc:datafield tag="700" ind1="1" ind2=" ">
    <marc:subfield code="a">Est, Frances Sarah, d'</marc:subfield>
    <marc:subfield code="d">1844-1890</marc:subfield>
    <marc:subfield code="j">Ascertained</marc:subfield>
    <marc:subfield code="0">pe30114801</marc:subfield>
    <marc:subfield code="4">dte</marc:subfield>
    <marc:subfield code="3"/>
  </marc:datafield>
  <marc:datafield tag="710" ind1="2" ind2=" ">
    <marc:subfield code="a">Maurice Schlesinger</marc:subfield>
    <marc:subfield code="g">Ascertained</marc:subfield>
    <marc:subfield code="0">ks30080936</marc:subfield>
    <marc:subfield code="4">pbl</marc:subfield>
    <marc:subfield code="3"/>
  </marc:datafield>
  <marc:datafield tag="710" ind1="2" ind2=" ">
    <marc:subfield code="a">Breitkopf &amp; Härtel</marc:subfield>
    <marc:subfield code="0">ks40001558</marc:subfield>
    <marc:subfield code="4">pbl</marc:subfield>
    <marc:subfield code="3"/>
  </marc:datafield>
  <marc:datafield tag="710" ind1="2" ind2=" ">
    <marc:subfield code="a">Mori &amp; Lavenu</marc:subfield>
    <marc:subfield code="0">ks51000431</marc:subfield>
    <marc:subfield code="4">pbl</marc:subfield>
    <marc:subfield code="3"/>
  </marc:datafield>
  <marc:datafield tag="730" ind1="0" ind2=" ">
    <marc:subfield code="a">Grande Polonaise</marc:subfield>
    <marc:subfield code="g">RISM</marc:subfield>
    <marc:subfield code="0">4045822</marc:subfield>
  </marc:datafield>
  <marc:datafield tag="852" ind1=" " ind2=" ">
    <marc:subfield code="a">PL-Wnifc</marc:subfield>
    <marc:subfield code="e">Narodowy Instytut Fryderyka Chopina</marc:subfield>
    <marc:subfield code="x">ks51003139</marc:subfield>
    <marc:subfield code="3">51006783</marc:subfield>
    <marc:subfield code="c">M/175</marc:subfield>
    <marc:subfield code="p"/>
    <marc:subfield code="q"/>
    <marc:subfield code="u"/>
    <marc:subfield code="z"/>
  </marc:datafield>
  <marc:datafield tag="852" ind1=" " ind2=" ">
    <marc:subfield code="a">PL-Wnifc</marc:subfield>
    <marc:subfield code="b">Muzeum Fryderyka Chopina</marc:subfield>
    <marc:subfield code="e">Narodowy Instytut Fryderyka Chopina</marc:subfield>
    <marc:subfield code="x">ks51003139</marc:subfield>
    <marc:subfield code="3">51005783</marc:subfield>
    <marc:subfield code="c">MC/220</marc:subfield>
    <marc:subfield code="p"/>
    <marc:subfield code="q"/>
    <marc:subfield code="u"/>
    <marc:subfield code="z"/>
  </marc:datafield>
  <marc:datafield tag="852" ind1=" " ind2=" ">
    <marc:subfield code="a">PL-Wnifc</marc:subfield>
    <marc:subfield code="b">Biblioteka Narodowego Instytutu Fryderyka Chopina</marc:subfield>
    <marc:subfield code="e">Narodowy Instytut Fryderyka Chopina</marc:subfield>
    <marc:subfield code="x">ks51003139</marc:subfield>
    <marc:subfield code="3">51004070</marc:subfield>
    <marc:subfield code="c">6606/n</marc:subfield>
    <marc:subfield code="p"/>
    <marc:subfield code="q"/>
    <marc:subfield code="u"/>
    <marc:subfield code="z"/>
  </marc:datafield>
  <marc:datafield tag="973" ind1=" " ind2=" ">
    <marc:subfield code="u">1001128964</marc:subfield>
    <marc:subfield code="3">51006783</marc:subfield>
  </marc:datafield>
  <marc:datafield tag="973" ind1=" " ind2=" ">
    <marc:subfield code="u">1001077677</marc:subfield>
    <marc:subfield code="3">51005783</marc:subfield>
  </marc:datafield>
  <marc:datafield tag="973" ind1=" " ind2=" ">
    <marc:subfield code="u">1001147235</marc:subfield>
    <marc:subfield code="3">51004070</marc:subfield>
  </marc:datafield>
  <marc:datafield tag="980" ind1=" " ind2=" ">
    <marc:subfield code="a">RISM</marc:subfield>
    <marc:subfield code="c">examined</marc:subfield>
  </marc:datafield>
</marc:record>
